https://es.wikipedia.org/wiki/Prueba_de_Lilliefors
https://statologos.com/prueba-de-lillie-fors/
https://en.wikipedia.org/wiki/Lilliefors_test
https://datatab.es/tutorial/test-of-normality
https://aprobados.net/pruebas-de-normalidad/
https://www.xlstat.com/es/soluciones/funciones/pruebas-de-normalidad
https://www.youtube.com/watch?v=LoCR_D4D4uc
https://es.wikipedia.org/wiki/Criterio_de_Cram%C3%A9r-von_Mises
https://encyclopediaofmath.org/wiki/Cram%C3%A9r-von_Mises_test
https://es.wikipedia.org/wiki/Prueba_de_Anderson-Darling